@book {Lehner2012DidaktischeReduktion,
title = {Didaktische Reduktion},
editor = {Lehner, Martin},
series = {UTB ; 3715},
series = {utb-studi-e-book},
address = {Stuttgart},
publisher = {UTB GmbH},
year = {2012},
pages = {Online Ressource (211  Seiten , 56 Abb.)},
edition = {1. Aufl.},
ISBN = {978-3-8385-3715-3},
ISBN = {978-3-8252-3715-8 (Druck-Ausgabe)},
language = {Deutsch},
keywords = {Bildung. Didaktische Reduktion. Erwachsenenbildung},
type = {Lehrmittel},
abstract = {Jeder Lehrende kennt das Problem: Die Komplexität der Lerninhalte nimmt ständig zu, gleichzeitig steht immer weniger Zeit für Lernprozesse zur Verfügung.Martin Lehner zeigt, wie man komplexe Sachverhalte ohne falsche Vereinfachung so aufbereitet, dass sie auch in kurzer Zeit zu verstehen sind. Abhängig von den jeweiligen Rahmenbedingungen kann es sich bei der Didaktischen Reduktion sowohl um eine Reduktion der Stofffülle (Auswahl) als auch um eine Reduktion der inhaltlichen Komplexität (Konzentration und Vereinfachung) handeln. Martin Lehner führt in Konzepte der didaktischen Reduktion ein und gibt konkrete Hinweise für die tägliche Lehrpraxis.Ein Buch, für das jeder Lehrer und Dozent dankbar sein wird.},
URL = {http://www.utb-studi-e-book.de/9783838537153},
}